@article{1963ApJ-138-30M,
    author = {Matthews, T.~A. and Sandage, A.~R.},
    title = {{Optical Identification of 3C 48, 3C 196, and 3C 286 with Stellar Objects.}},
    journal = {\apj},
    year = 1963,
    month = jul,
    volume = 138,
    pages = {30},
    doi = {10.1086/147615}
}

@article{1964ApJ-140-1G,
    author = {Greenstein, J.~L. and Schmidt, M.},
    title = {{The Quasi-Stellar Radio Sources 3C 48 and 3C 273}},
    journal = {\apj},
    year = 1964,
    month = jul,
    volume = 140,
    pages = {1},
    doi = {10.1086/147889}
}

@ARTICLE{1993ApJ...406..122A,
   author = {{Andre}, P. and {Ward-Thompson}, D. and {Barsony}, M.},
    title = "{Submillimeter continuum observations of Rho Ophiuchi A - The candidate protostar VLA 1623 and prestellar clumps}",
  journal = {\apj},
 keywords = {Early Stars, Protostars, Star Formation, Stellar Structure, Cosmic Dust, Energy Distribution, Submillimeter Waves},
     year = 1993,
    month = mar,
   volume = 406,
    pages = {122-141},
      doi = {10.1086/172425},
   adsurl = {http://adsabs.harvard.edu/abs/1993ApJ...406..122A},
  adsnote = {Provided by the SAO/NASA Astrophysics Data System}
}

@ARTICLE{1952MNRAS.112..195B,
   author = {{Bondi}, H.},
    title = "{On spherically symmetrical accretion}",
  journal = {\mnras},
     year = 1952,
   volume = 112,
    pages = {195},
      doi = {10.1093/mnras/112.2.195},
   adsurl = {http://adsabs.harvard.edu/abs/1952MNRAS.112..195B},
  adsnote = {Provided by the SAO/NASA Astrophysics Data System}
}

@ARTICLE{1958ApJ...128..664P,
   author = {{Parker}, E.~N.},
    title = "{Dynamics of the Interplanetary Gas and Magnetic Fields.}",
  journal = {\apj},
     year = 1958,
    month = nov,
   volume = 128,
    pages = {664},
      doi = {10.1086/146579},
   adsurl = {http://adsabs.harvard.edu/abs/1958ApJ...128..664P},
  adsnote = {Provided by the SAO/NASA Astrophysics Data System}
}

@ARTICLE{2006A&A...457..371F,
   author = {{Fromang}, S. and {Hennebelle}, P. and {Teyssier}, R.},
    title = "{A high order Godunov scheme with constrained transport and adaptive mesh refinement for astrophysical magnetohydrodynamics}",
  journal = {\aap},
   eprint = {astro-ph/0607230},
 keywords = {magnetohydrodynamics (MHD), methods: numerical},
     year = 2006,
    month = oct,
   volume = 457,
    pages = {371-384},
      doi = {10.1051/0004-6361:20065371},
   adsurl = {http://adsabs.harvard.edu/abs/2006A%26A...457..371F},
  adsnote = {Provided by the SAO/NASA Astrophysics Data System}
}

@ARTICLE{2006MNRAS.368.1040M,
   author = {{Mignone}, A. and {Bodo}, G.},
    title = "{An HLLC Riemann solver for relativistic flows - II. Magnetohydrodynamics}",
  journal = {\mnras},
   eprint = {astro-ph/0601640},
 keywords = {hydrodynamics: MHD: relativity: shock waves: methods: numerical, hydrodynamics, MHD, relativity, shock waves, methods: numerical},
     year = 2006,
    month = may,
   volume = 368,
    pages = {1040-1054},
      doi = {10.1111/j.1365-2966.2006.10162.x},
   adsurl = {http://adsabs.harvard.edu/abs/2006MNRAS.368.1040M},
  adsnote = {Provided by the SAO/NASA Astrophysics Data System}
}
@PHDTHESIS{2008PhDT.........2C,
   author = {{Cunningham}, A.~J.},
    title = "{Star formation driven mechanical feedback in molecular clouds}",
 keywords = {Magnetohydrodynamics, Star formation, Turbulence, Molecular clouds},
   school = {University of Rochester},
     year = 2008,
   adsurl = {http://adsabs.harvard.edu/abs/2008PhDT.........2C},
  adsnote = {Provided by the SAO/NASA Astrophysics Data System}
}
@INPROCEEDINGS{1990IAUS..140..351S,
   author = {{Stone}, J.~M. and {Norman}, M.~L. and {Mihalas}, D.},
    title = "{Magnetohydrodynamic Simulations of Mass Outflows from Star Forming Regions}",
booktitle = {Galactic and Intergalactic Magnetic Fields},
     year = 1990,
   series = {IAU Symposium},
   volume = 140,
   editor = {{Beck}, R. and {Wielebinski}, R. and {Kronberg}, P.~P.},
    pages = {351},
   adsurl = {http://adsabs.harvard.edu/abs/1990IAUS..140..351S},
  adsnote = {Provided by the SAO/NASA Astrophysics Data System}
}
@ARTICLE{2009ApJ...705.1594M,
   author = {{Meliani}, Z. and {Keppens}, R.},
    title = "{Decelerating Relativistic Two-Component Jets}",
  journal = {\apj},
archivePrefix = "arXiv",
   eprint = {0910.0332},
 primaryClass = "astro-ph.HE",
 keywords = {galaxies: jets, ISM: jets and outflows, methods: numerical, relativity},
     year = 2009,
    month = nov,
   volume = 705,
    pages = {1594-1606},
      doi = {10.1088/0004-637X/705/2/1594},
   adsurl = {http://adsabs.harvard.edu/abs/2009ApJ...705.1594M},
  adsnote = {Provided by the SAO/NASA Astrophysics Data System}
}
@ARTICLE{2009A&A...502..217M,
   author = {{Matsakos}, T. and {Massaglia}, S. and {Trussoni}, E. and {Tsinganos}, K. and
	{Vlahakis}, N. and {Sauty}, C. and {Mignone}, A.},
    title = "{Two-component jet simulations. II. Combining analytical disk and stellar MHD outflow solutions}",
  journal = {\aap},
archivePrefix = "arXiv",
   eprint = {0905.3519},
 keywords = {ISM: jets and outflows, stars: formation, stars: pre-main sequence, magnetohydrodynamics (MHD), methods: numerical, stars: winds, outflows},
     year = 2009,
    month = jul,
   volume = 502,
    pages = {217-229},
      doi = {10.1051/0004-6361/200811046},
   adsurl = {http://adsabs.harvard.edu/abs/2009A%26A...502..217M},
  adsnote = {Provided by the SAO/NASA Astrophysics Data System}
}
@ARTICLE{2006A&A...453..785F,
   author = {{Ferreira}, J. and {Dougados}, C. and {Cabrit}, S.},
    title = "{Which jet launching mechanism(s) in T Tauri stars?}",
  journal = {\aap},
   eprint = {astro-ph/0604053},
 keywords = {accretion, accretion disks, magnetohydrodynamics (MHD), stars: pre-main sequence, ISM: jets and outflows},
     year = 2006,
    month = jul,
   volume = 453,
    pages = {785-796},
      doi = {10.1051/0004-6361:20054231},
   adsurl = {http://adsabs.harvard.edu/abs/2006A%26A...453..785F},
  adsnote = {Provided by the SAO/NASA Astrophysics Data System}
}

@ARTICLE{2012ApJ...749..139C,
   author = {{Coffey}, D. and {Rigliaco}, E. and {Bacciotti}, F. and {Ray}, T.~P. and
	{Eisl{\"o}ffel}, J.},
    title = "{Jet Rotation Investigated in the Near-ultraviolet with the Hubble Space Telescope Imaging Spectrograph}",
  journal = {\apj},
archivePrefix = "arXiv",
   eprint = {1202.3250},
 keywords = {ISM: jets and outflows, stars: formation, stars: individual: RW Aur HN Tau DP Tau CW Tau, stars: pre-main sequence},
     year = 2012,
    month = apr,
   volume = 749,
      eid = {139},
    pages = {139},
      doi = {10.1088/0004-637X/749/2/139},
   adsurl = {http://adsabs.harvard.edu/abs/2012ApJ...749..139C},
  adsnote = {Provided by the SAO/NASA Astrophysics Data System}
}
@ARTICLE{1989MNRAS.237..411S,
   author = {{Sol}, H. and {Pelletier}, G. and {Asseo}, E.},
    title = "{Two-flow model for extragalactic radio jets}",
  journal = {\mnras},
 keywords = {Extragalactic Radio Sources, Plasma Interactions, Radio Jets (Astronomy), Relativistic Plasmas, Accretion Disks, Astronomical Models, Interstellar Magnetic Fields, Light Speed, Relativistic Particles, Very Long Base Interferometry},
     year = 1989,
    month = mar,
   volume = 237,
    pages = {411-429},
      doi = {10.1093/mnras/237.2.411},
   adsurl = {http://adsabs.harvard.edu/abs/1989MNRAS.237..411S},
  adsnote = {Provided by the SAO/NASA Astrophysics Data System}
}
@ARTICLE{2013ApJ...774L..21M,
   author = {{Meyer}, E.~T. and {Sparks}, W.~B. and {Biretta}, J.~A. and
	{Anderson}, J. and {Sohn}, S.~T. and {van der Marel}, R.~P. and
	{Norman}, C. and {Nakamura}, M.},
    title = "{Optical Proper Motion Measurements of the M87 Jet: New Results from the Hubble Space Telescope}",
  journal = {\apjl},
archivePrefix = "arXiv",
   eprint = {1308.4633},
 keywords = {astrometry, galaxies: active, galaxies: individual: M87, galaxies: jets },
     year = 2013,
    month = sep,
   volume = 774,
      eid = {L21},
    pages = {L21},
      doi = {10.1088/2041-8205/774/2/L21},
   adsurl = {http://adsabs.harvard.edu/abs/2013ApJ...774L..21M},
  adsnote = {Provided by the SAO/NASA Astrophysics Data System}
}

@ARTICLE{2009MNRAS.394.1182K,
   author = {{Komissarov}, S.~S. and {Vlahakis}, N. and {K{\"o}nigl}, A. and
	{Barkov}, M.~V.},
    title = "{Magnetic acceleration of ultrarelativistic jets in gamma-ray burst sources}",
  journal = {\mnras},
archivePrefix = "arXiv",
   eprint = {0811.1467},
 keywords = {MHD , relativity , methods: numerical , gamma-rays: bursts},
     year = 2009,
    month = apr,
   volume = 394,
    pages = {1182-1212},
      doi = {10.1111/j.1365-2966.2009.14410.x},
   adsurl = {http://adsabs.harvard.edu/abs/2009MNRAS.394.1182K},
  adsnote = {Provided by the SAO/NASA Astrophysics Data System}
}

@ARTICLE{2010ApJ...721.1783N,
   author = {{Nakamura}, M. and {Garofalo}, D. and {Meier}, D.~L.},
    title = "{A Magnetohydrodynamic Model of the M87 Jet. I. Superluminal Knot Ejections from HST-1 as Trails of Quad Relativistic MHD Shocks}",
  journal = {\apj},
archivePrefix = "arXiv",
   eprint = {1008.3512},
 primaryClass = "astro-ph.HE",
 keywords = {galaxies: active, galaxies: individual: M87, galaxies: jets, magnetohydrodynamics: MHD, methods: numerical},
     year = 2010,
    month = oct,
   volume = 721,
    pages = {1783-1789},
      doi = {10.1088/0004-637X/721/2/1783},
   adsurl = {http://adsabs.harvard.edu/abs/2010ApJ...721.1783N},
  adsnote = {Provided by the SAO/NASA Astrophysics Data System}
}

@ARTICLE{2014ApJ...788L..19C,
   author = {{Cayatte}, V. and {Vlahakis}, N. and {Matsakos}, T. and {Lima}, J.~J.~G. and
	{Tsinganos}, K. and {Sauty}, C.},
    title = "{Counter-rotation in Relativistic Magnetohydrodynamic Jets}",
  journal = {\apjl},
archivePrefix = "arXiv",
   eprint = {1404.7427},
 primaryClass = "astro-ph.HE",
 keywords = {galaxies: active, galaxies: jets, magnetohydrodynamics: MHD, quasars: supermassive black holes, relativistic processes},
     year = 2014,
    month = jun,
   volume = 788,
      eid = {L19},
    pages = {L19},
      doi = {10.1088/2041-8205/788/1/L19},
   adsurl = {http://adsabs.harvard.edu/abs/2014ApJ...788L..19C},
  adsnote = {Provided by the SAO/NASA Astrophysics Data System}
}

@ARTICLE{2005A&A...429..267B,
   author = {{Bosch-Ramon}, V. and {Romero}, G.~E. and {Paredes}, J.~M.},
    title = "{High-mass microquasars and low-latitude gamma-ray sources}",
  journal = {\aap},
   eprint = {astro-ph/0405017},
 keywords = {X-rays: binaries, stars: winds, outflows, gamma-rays: observations, gamma-rays: theory},
     year = 2005,
    month = jan,
   volume = 429,
    pages = {267-276},
      doi = {10.1051/0004-6361:20041194},
   adsurl = {http://adsabs.harvard.edu/abs/2005A%26A...429..267B},
  adsnote = {Provided by the SAO/NASA Astrophysics Data System}
}

@misc{Matthews1960,
  author = 	 {{Matthews}, T.A. and {Bolton} J.G. and {Greenstein} J.L. and {Munch} G.},
  title = 	 {},
  year = 	 {1960},
  organization = {AAS},
  note= {See also Sky and Telescope, 21, 148, 1961}
}

@ARTICLE{1997ApJ...477..602N,
   author = {{Nandra}, K. and {George}, I.~M. and {Mushotzky}, R.~F. and
	{Turner}, T.~J. and {Yaqoob}, T.},
    title = "{ASCA Observations of Seyfert 1 Galaxies. II. Relativistic Iron K{$\alpha$} Emission}",
  journal = {\apj},
   eprint = {astro-ph/9606169},
 keywords = {Galaxies: Active, Galaxies: Nuclei, Galaxies: Seyfert, X-Rays: Galaxies},
     year = 1997,
    month = mar,
   volume = 477,
    pages = {602-622},
   adsurl = {http://adsabs.harvard.edu/abs/1997ApJ...477..602N},
  adsnote = {Provided by the SAO/NASA Astrophysics Data System}
}
@ARTICLE{Fabian2000,
   author = {{Fabian}, A.~C. and {Iwasawa}, K. and {Reynolds}, C.~S. and
	{Young}, A.~J.},
    title = "{Broad Iron Lines in Active Galactic Nuclei}",
  journal = {\pasp},
   eprint = {astro-ph/0004366},
 keywords = {accretion, accretion disks, black hole physics, Galaxies: Active, line: formation, line: profiles, X-rays: galaxies},
     year = 2000,
    month = sep,
   volume = 112,
    pages = {1145-1161},
      doi = {10.1086/316610},
   adsurl = {http://adsabs.harvard.edu/abs/2000PASP..112.1145F},
  adsnote = {Provided by the SAO/NASA Astrophysics Data System}
}
@ARTICLE{Reynolds1997,
   author = {{Reynolds}, C.~S. and {Begelman}, M.~C.},
    title = "{Iron Fluorescence from within the Innermost Stable Orbit of Black Hole Accretion Disks}",
  journal = {\apj},
   eprint = {astro-ph/9705136},
 keywords = {Accretion, Accretion Disks, Black Hole Physics, Galaxies: Active, Galaxies: Individual: Alphanumeric: MCG -6-30-15, Line: Profiles},
     year = 1997,
    month = oct,
   volume = 488,
    pages = {109-118},
   adsurl = {http://adsabs.harvard.edu/abs/1997ApJ...488..109R},
  adsnote = {Provided by the SAO/NASA Astrophysics Data System}
}
@ARTICLE{Young1998,
   author = {{Young}, A.~J. and {Ross}, R.~R. and {Fabian}, A.~C.},
    title = "{Iron line profiles including emission from within the innermost stable orbit of a black hole accretion disc}",
  journal = {\mnras},
   eprint = {astro-ph/9808089},
 keywords = {ACCRETION, ACCRETION DISCS, BLACK HOLE PHYSICS, LINE: PROFILES, GALAXIES: INDIVIDUAL: MCG-6-30-15, X-RAYS: GENERAL},
     year = 1998,
    month = oct,
   volume = 300,
    pages = {L11-L15},
      doi = {10.1046/j.1365-8711.1998.02058.x},
   adsurl = {http://adsabs.harvard.edu/abs/1998MNRAS.300L..11Y},
  adsnote = {Provided by the SAO/NASA Astrophysics Data System}
}
@ARTICLE{Looney2007,
   author = {{Looney}, L.~W. and {Tobin}, J.~J. and {Kwon}, W.},
    title = "{A Flattened Protostellar Envelope in Absorption around L1157}",
  journal = {\apjl},
archivePrefix = "arXiv",
   eprint = {0710.2314},
 keywords = {Stars: Circumstellar Matter, Stars: Formation, Stars: Pre-Main-Sequence},
     year = 2007,
    month = dec,
   volume = 670,
    pages = {L131-L134},
      doi = {10.1086/524361},
   adsurl = {http://adsabs.harvard.edu/abs/2007ApJ...670L.131L},
  adsnote = {Provided by the SAO/NASA Astrophysics Data System}
}
@ARTICLE{Bachiller2001,
   author = {{Bachiller}, R. and {P{\'e}rez Guti{\'e}rrez}, M. and {Kumar}, M.~S.~N. and
	{Tafalla}, M.},
    title = "{Chemically active outflow L 1157}",
  journal = {\aap},
 keywords = {STARS: FORMATION, INTERSTELLAR MEDIUM: INDIVIDUAL OBJECTS: L 1157, INTERSTELLAR MEDIUM: JETS AND OUTFLOWS, INTERSTELLAR MEDIUM: MOLECULES},
     year = 2001,
    month = jun,
   volume = 372,
    pages = {899-912},
      doi = {10.1051/0004-6361:20010519},
   adsurl = {http://adsabs.harvard.edu/abs/2001A%26A...372..899B},
  adsnote = {Provided by the SAO/NASA Astrophysics Data System}
}
@ARTICLE{Shang1998,
   author = {{Shang}, H. and {Shu}, F.~H. and {Glassgold}, A.~E.},
    title = "{Synthetic Images and Long-Slit Spectra of Protostellar Jets}",
  journal = {\apjl},
 keywords = {ISM: JETS AND OUTFLOWS, LINE: PROFILES, STARS: PRE-MAIN-SEQUENCE, ISM: Jets and Outflows, Line: Profiles, Stars: Pre-Main-Sequence},
     year = 1998,
    month = feb,
   volume = 493,
    pages = {L91-L94},
      doi = {10.1086/311135},
   adsurl = {http://adsabs.harvard.edu/abs/1998ApJ...493L..91S},
  adsnote = {Provided by the SAO/NASA Astrophysics Data System}
}
@ARTICLE{Zanni2013,
   author = {{Zanni}, C. and {Ferreira}, J.},
    title = "{MHD simulations of accretion onto a dipolar magnetosphere. II. Magnetospheric ejections and stellar spin-down}",
  journal = {\aap},
archivePrefix = "arXiv",
   eprint = {1211.4844},
 primaryClass = "astro-ph.SR",
 keywords = {stars: rotation, stars: magnetic field, accretion, accretion disks, ISM: jets and outflows, magnetohydrodynamics (MHD), methods: numerical},
     year = 2013,
    month = feb,
   volume = 550,
      eid = {A99},
    pages = {A99},
      doi = {10.1051/0004-6361/201220168},
   adsurl = {http://adsabs.harvard.edu/abs/2013A%26A...550A..99Z},
  adsnote = {Provided by the SAO/NASA Astrophysics Data System}
}
@ARTICLE{Gallet2013,
   author = {{Gallet}, F. and {Bouvier}, J.},
    title = "{Improved angular momentum evolution model for solar-like stars}",
  journal = {\aap},
archivePrefix = "arXiv",
   eprint = {1306.2130},
 primaryClass = "astro-ph.SR",
 keywords = {stars: solar-type, stars: evolution, stars: rotation, stars: mass-loss, stars: magnetic field},
     year = 2013,
    month = aug,
   volume = 556,
      eid = {A36},
    pages = {A36},
      doi = {10.1051/0004-6361/201321302},
   adsurl = {http://adsabs.harvard.edu/abs/2013A%26A...556A..36G},
  adsnote = {Provided by the SAO/NASA Astrophysics Data System}
}
@ARTICLE{Aigrain2013,
   author = {{Aigrain}, S. and {Alencar}, S. and {Angus}, R. and {Bouvier}, J. and
	{Flaccomio}, E. and {Gillen}, E. and {Guzik}, J. and {Hebb}, L. and
	{Hodgkin}, S. and {McQuillan}, A. and {Micela}, G. and {Moraux}, E. and
	{Parviainen}, H. and {Randich}, S. and {Reece}, S. and {Roberts}, S. and
	{Zwintz}, K.},
    title = "{Monitoring young associations and open clusters with Kepler in two-wheel mode}",
  journal = {ArXiv e-prints},
archivePrefix = "arXiv",
   eprint = {1309.0737},
 primaryClass = "astro-ph.SR",
 keywords = {Astrophysics - Solar and Stellar Astrophysics},
     year = 2013,
    month = sep,
   adsurl = {http://adsabs.harvard.edu/abs/2013arXiv1309.0737A},
  adsnote = {Provided by the SAO/NASA Astrophysics Data System}
}
@INPROCEEDINGS{2008sf2a.conf..391B,
   author = {{Bouvier}, J.},
    title = "{The timescale for giant planet formation : constraints from the rotational evolution of exoplanet host stars}",
booktitle = {SF2A-2008},
     year = 2008,
archivePrefix = "arXiv",
   eprint = {0810.3160},
   editor = {{Charbonnel}, C. and {Combes}, F. and {Samadi}, R.},
    month = nov,
    pages = {391},
   adsurl = {http://adsabs.harvard.edu/abs/2008sf2a.conf..391B},
  adsnote = {Provided by the SAO/NASA Astrophysics Data System}
}

